@misc{1,
	author = {{Contributors to Arknights Wiki}},
	title = {{DV-S-2/Story}},
	journal = {Arknights Wiki},
	year = {2025},
	month = jan,
	publisher = {Fandom, Inc.},
	note = {[Online; accessed 19. Jan. 2025]},
	url = {https://arknights.fandom.com/wiki/DV-S-2/Story}
}

@misc{2,
	author = {{Contributors to Arknights Wiki}},
	title = {{Rhine Lab}},
	journal = {Arknights Wiki},
	year = {2025},
	month = jan,
	publisher = {Fandom, Inc.},
	note = {[Online; accessed 19. Jan. 2025]},
	url = {https://arknights.fandom.com/wiki/Rhine_Lab#Background}
}

@misc{3,
	author = {{Contributors to Arknights Wiki}},
	title = {{DV-3/Story}},
	journal = {Arknights Wiki},
	year = {2025},
	month = jan,
	publisher = {Fandom, Inc.},
	note = {[Online; accessed 19. Jan. 2025]},
	url = {https://arknights.fandom.com/wiki/DV-3/Story#After_operation}
}

@misc{4,
	author = {{Contributors to Arknights Wiki}},
	title = {{Chapter 8, Rhodes Island's Records of Originium/Rhine Lab}},
	journal = {Arknights Wiki},
	year = {2025},
	month = jan,
	publisher = {Fandom, Inc.},
	note = {[Online; accessed 19. Jan. 2025]},
	url = {https://arknights.fandom.com/wiki/Rhodes_Island%27s_Records_of_Originium/Rhine_Lab}
}

@misc{5,
	author = {{Contributors to Arknights Wiki}},
	title = {{Chapter 9, Rhodes Island's Records of Originium/Rhine Lab}},
	journal = {Arknights Wiki},
	year = {2025},
	month = jan,
	publisher = {Fandom, Inc.},
	note = {[Online; accessed 19. Jan. 2025]},
	url = {https://arknights.fandom.com/wiki/Rhodes_Island%27s_Records_of_Originium/Rhine_Lab}
}

@misc{6,
	author = {{Contributors to Arknights Wiki}},
	title = {{Ptilopsis/Operator Record}},
	journal = {Arknights Wiki},
	year = {2025},
	month = jan,
	publisher = {Fandom, Inc.},
	note = {[Online; accessed 19. Jan. 2025]},
	url = {https://arknights.fandom.com/wiki/Ptilopsis/Operator_Record}
}

@misc{7,
	author = {{Contributors to Arknights Wiki}},
	title = {{Silence the Paradigmatic/File}},
	journal = {Arknights Wiki},
	year = {2025},
	month = jan,
	publisher = {Fandom, Inc.},
	note = {[Online; accessed 19. Jan. 2025]},
	url = {https://arknights.fandom.com/wiki/Silence_the_Paradigmatic/File}
}

@misc{8,
	title = {{xn--9krt00a}},
	year = {2025},
	month = jan,
	note = {[Online; accessed 19. Jan. 2025]},
	url = {https://m.weibo.cn/detail/4523041469525303}
}

@misc{9,
	title = {{21 November 1783 {$\vert$} This Day in Aviation}},
	year = {2025},
	month = jan,
	note = {[Online; accessed 19. Jan. 2025]},
	url = {https://www.thisdayinaviation.com/21-november-1783}
}